<?xml version="1.0" encoding="UTF-8"?><collection xmlns="http://www.loc.gov/MARC21/slim"><record><leader>00577nam--2200145-i-4500</leader><controlfield tag="001">000015775</controlfield><controlfield tag="002">20161230</controlfield><controlfield tag="005">20161230201031</controlfield><controlfield tag="008">060222s1000------------r-----000-0-eng-d</controlfield><datafield ind1=" " ind2=" " tag="080"><subfield code="a">621.391</subfield></datafield><datafield ind1=" " ind2=" " tag="100"><subfield code="a">Ciuca, Mircea Si Dragulanescu, Nicolae</subfield></datafield><datafield ind1=" " ind2=" " tag="245"><subfield code="a">Echipamentul electronic al automobilului const ructia, functionare, scheme comentate:aprinder i electrice, dispozitive de alarma, receptoare radio si tv., aparate de masurat</subfield></datafield><datafield ind1=" " ind2=" " tag="260"><subfield code="a">Bucuresti, Editura Tehnica, 1987. 320 P</subfield></datafield><datafield ind1=" " ind2=" " tag="490"><subfield code="a">Seria Practica:Automatica, Informatica, Electr Onica, Management</subfield></datafield><datafield ind1=" " ind2=" " tag="852"><subfield code="a">73696</subfield></datafield></record></collection>